@article{Buchanan1964a,
    title     = {What Should Economists Do?},
    author    = {Buchanan, James M.},
    journal   = {Southern Economic Journal},
    pages     = {213--222},
    year      = {1964},
    publisher = {JSTOR}
}

@book{Dyson2012,
    title     = {Turing's cathedral: the origins of the digital universe},
    author    = {Dyson, George},
    year      = {2012},
    publisher = {Pantheon}
}

@article{Giocoli2013,
    title     = {From Wald to Savage: homo economicus becomes a Bayesian statistician},
    author    = {Giocoli, Nicola},
    journal   = {Journal of the History of the Behavioral Sciences},
    volume    = {49},
    number    = {1},
    pages     = {63--95},
    year      = {2013},
    publisher = {Wiley Online Library}
}

@article{Hayek1945a,
    title     = {The Use of Knowledge in Society},
    author    = {Hayek, Friedrich August},
    journal   = {The American economic review},
    volume    = {35},
    number    = {4},
    pages     = {519--530},
    year      = {1945},
    publisher = {JSTOR}
}

@article{Jordan2019a,
    title     = {Artificial Intelligence — the revolution hasn’t happened yet},
    author    = {Jordan, Michael I.},
    journal   = {Harvard Data Science Review},
    volume    = {1},
    number    = {1},
    year      = {2019},
    publisher = {PubPub}
}

@article{Kruschke2015,
    title     = {Doing Bayesian Data Analysis: A Tutorial with R, JAGS, and Stan},
    author    = {Kruschke, John},
    year      = {2015},
    publisher = {Academic Press}
}

@book{Nicholson2012,
    title     = {Microeconomic Theory: Basic Principles and Extensions},
    author    = {Nicholson, Walter and Synder, Christopher M},
    year      = {2012},
    publisher = {Cengage Learning}
}

@article{Tukey1962a,
    title     = {The Future of Data Analysis},
    author    = {Tukey, John W.},
    journal   = {The Annals of Mathematical Statistics},
    volume    = {33},
    number    = {1},
    pages     = {1--67},
    year      = {1962},
    publisher = {JSTOR}
}

@book{Wooldridge2013,
    title     = {Introductory Econometrics: A Modern Approach},
    author    = {Wooldridge, Jeffrey M.},
    year      = {2013},
    publisher = {Cengage learning}
}
